<record><leader>00000cas a22000007a 4500</leader><controlfield tag="001">10494089</controlfield><controlfield tag="008">840307d18601uuuctucr ne      0    0eng d</controlfield><datafield ind1=" " ind2=" " tag="010"><subfield code="a">sn 84022587 </subfield></datafield><datafield ind1=" " ind2=" " tag="040"><subfield code="a">NPX</subfield><subfield code="b">eng</subfield><subfield code="c">NPX</subfield><subfield code="d">DLC</subfield><subfield code="d">CNW</subfield><subfield code="d">OCL</subfield><subfield code="d">OCLCF</subfield><subfield code="d">OCLCO</subfield></datafield><datafield ind1="1" ind2=" " tag="029"><subfield code="a">AU@</subfield><subfield code="b">000020228212</subfield></datafield><datafield ind1=" " ind2=" " tag="042"><subfield code="a">msc</subfield></datafield><datafield ind1="0" ind2="0" tag="050"><subfield code="a">Newspaper 7264</subfield></datafield><datafield ind1="0" ind2=" " tag="130"><subfield code="a">Norwich weekly courier (Norwich, Conn. : 1860)</subfield></datafield><datafield ind1="0" ind2="0" tag="245"><subfield code="a">Norwich weekly courier.</subfield></datafield><datafield ind1="1" ind2="0" tag="246"><subfield code="a">Norwich courier</subfield></datafield><datafield ind1="1" ind2="7" tag="246"><subfield code="a">Weekly courier</subfield><subfield code="f">Jan.-May 1860</subfield></datafield><datafield ind1=" " ind2=" " tag="260"><subfield code="a">Norwich, CT. :</subfield><subfield code="b">D.E. Sykes,</subfield><subfield code="c">1860-</subfield></datafield><datafield ind1=" " ind2=" " tag="300"><subfield code="a">v. ;</subfield><subfield code="c">59 cm.</subfield></datafield><datafield ind1=" " ind2=" " tag="310"><subfield code="a">Semiweekly,</subfield><subfield code="b">&lt;Mar. 29, 1895&gt;</subfield></datafield><datafield ind1=" " ind2=" " tag="321"><subfield code="a">Weekly,</subfield><subfield code="b">1860-&lt;1890&gt;</subfield></datafield><datafield ind1="0" ind2=" " tag="362"><subfield code="a">Vol. 62, no. 1 (Jan. 5, 1860)-</subfield></datafield><datafield ind1=" " ind2=" " tag="500"><subfield code="a">Published as: Norwich courier, June 7-&lt;Nov. 22&gt;, 1860.</subfield></datafield><datafield ind1=" " ind2=" " tag="500"><subfield code="a">"American Republican."</subfield></datafield><datafield ind1=" " ind2=" " tag="515"><subfield code="a">Issues for &lt;Mar. 29, 1895&gt; also called: Part 1 on Tuesdays and Part 2 on Fridays.</subfield></datafield><datafield ind1=" " ind2=" " tag="580"><subfield code="a">Daily eds.: Norwich evening courier (Norwich, Conn. : Daily), Aug. 20-Nov. 24, 1860, and: Norwich morning bulletin, Dec. 15, 1860-1895, and: Norwich bulletin (Norwich, Conn.), &lt;1895&gt;.</subfield></datafield><datafield ind1=" " ind2=" " tag="580"><subfield code="a">Semiweekly eds.: Norwich semi-weekly courier, Jan.-June 16, 1860, and: Norwich evening courier (Norwich, Conn. : Semiweekly), June 19-Oct. 23, 1860, and: Norwich courier (Norwich, Conn. : 1860), Oct. 26-Nov. 23, 1860.</subfield></datafield><datafield ind1=" " ind2="0" tag="651"><subfield code="a">Norwich (Conn.)</subfield><subfield code="v">Newspapers.</subfield></datafield><datafield ind1=" " ind2="7" tag="655"><subfield code="a">Newspapers.</subfield><subfield code="2">fast</subfield><subfield code="0">(OCoLC)fst01423814</subfield></datafield><datafield ind1=" " ind2="7" tag="651"><subfield code="a">Connecticut</subfield><subfield code="z">Norwich.</subfield><subfield code="2">fast</subfield><subfield code="0">(OCoLC)fst01216259</subfield></datafield><datafield ind1=" " ind2=" " tag="752"><subfield code="a">United States</subfield><subfield code="b">Connecticut</subfield><subfield code="c">New London</subfield><subfield code="d">Norwich.</subfield></datafield><datafield ind1="1" ind2=" " tag="775"><subfield code="t">Norwich evening courier (Norwich, Conn. : Daily)</subfield><subfield code="w">(DLC)sn 84022584</subfield><subfield code="w">(OCoLC)10494604</subfield></datafield><datafield ind1="1" ind2=" " tag="775"><subfield code="t">Norwich morning bulletin</subfield><subfield code="w">(DLC)sn 82015887</subfield><subfield code="w">(OCoLC)8821726</subfield></datafield><datafield ind1="1" ind2=" " tag="775"><subfield code="t">Norwich bulletin (Norwich, Conn.)</subfield><subfield code="w">(DLC)sn 82014086</subfield><subfield code="w">(OCoLC)8766538</subfield></datafield><datafield ind1="1" ind2=" " tag="775"><subfield code="t">Norwich semi-weekly courier</subfield><subfield code="w">(DLC)sn 84022586</subfield><subfield code="w">(OCoLC)10494024</subfield></datafield><datafield ind1="1" ind2=" " tag="775"><subfield code="t">Norwich evening courier (Norwich, Conn. : Semiweekly)</subfield><subfield code="w">(DLC)sn 92051388</subfield><subfield code="w">(OCoLC)26509672</subfield></datafield><datafield ind1="0" ind2="5" tag="780"><subfield code="t">Eastern bulletin</subfield><subfield code="g">Dec. 1860</subfield><subfield code="w">(DLC)sn 93053977</subfield><subfield code="w">(OCoLC)28152390</subfield></datafield><datafield ind1="0" ind2="5" tag="780"><subfield code="t">Norwich courier (Norwich, Conn. : 1860)</subfield><subfield code="g">Dec. 15, 1860</subfield><subfield code="w">(DLC)sn 92051389</subfield><subfield code="w">(OCoLC)26509652</subfield></datafield><datafield ind1="0" ind2="0" tag="785"><subfield code="t">Norwich courier (Norwich, Conn. : 1901)</subfield><subfield code="w">(DLC)sn 92051444</subfield></datafield></record>